@Book{LV:2008,
  author =       "Ming Li and Paul M. B. Vitányi",
  title =        "An Introduction to {K}olmogorov Complexity and its Applications",
  year =         "2008",
  publisher =    "Springer",
  series =       "Texts in Computer Science",
  edition =      "3rd",
  isbn =         "987-0-387-49820-1",
}

@Book{Hutter:2005,
  author =       "Marcus Hutter",
  title =        "Universal Artificial Intelligence:
                  Sequential Decisions based on Algorithmic Probability",
  publisher =    "Springer",
  year =         "2005",
  isbn =         "3-540-22139-5",
  isbn-online =  "978-3-540-26877-2",
  doi =          "10.1007/b138233",
}

@inproceedings{Schmidhuber:2002,
  title={The {S}peed {P}rior: a new simplicity measure yielding near-optimal computable predictions},
  author={Jürgen Schmidhuber},
  booktitle={Computational Learning Theory},
  pages={216--228},
  year={2002},
  organization={Springer}
}

